%cvpr07a.pdf

@article{Furu:2010:PMVS,
  author    = "Yasutaka Furukawa and Jean Ponce",
  title     = "Accurate, Dense, and Robust Multi-View Stereopsis",
  journal   = "IEEE Trans. on Pattern Analysis and Machine Intelligence",
  year = "2010",
  volume = "32",
  number = "8",
  pages = "1362--1376"
}

%furukawa2010tim.pdf
@inproceedings{Furu:2010,
author = "Yasutaka Furukawa and Brian Curless and Steven M. Seitz and Richard Szeliski",
title = "Towards Internet-scale Multi-view Stereo",
booktitle = "CVPR",
year = "2010"
}

%building rome in cloudless day
@MISC{Frahm_buildingrome,
	author = {Jan-michael Frahm and Pierre Fite-georgel and David Gallup and Tim Johnson and Rahul Raguram and Changchang Wu and Yi-hung Jen and Enrique Dunn and Svetlana Lazebnik and Marc Pollefeys},
	title = {Building Rome on a Cloudless Day},
	year = {}
}